@book{Martin_1983,
	title = {Human Brain Evolution in an Ecological Context},
	publisher = {American Museum of Natural History},
	author = {Martin, Robert D.},
	year = {1983}
},

@article{Rilling_Insel_1999,
	title = {The primate neocortex in comparative perspective using magnetic resonance imaging},
	volume = {37},
	issn = {0047-2484},
	number = {2},
	journal = {Journal of Human Evolution},
	author = {Rilling, James K. and Insel, Thomas R.},
	year = {1999},
	pages = {191--223}
},

%%%%%%%%%%%%%%%%%%%%%%%%%%%%%%%%%%%%

% 2016 PDG book
@article{pdg,
      author         = "Patrignani, C. and others",
      title          = "{Review of Particle Physics}",
      collaboration  = "Particle Data Group",
      journal        = "Chin. Phys.",
      volume         = "C40",
      year           = "2016",
      number         = "10",
      doi            = "10.1088/1674-1137/40/10/100001"
}
%       pages          = "100001",

% SUSY primer (v7)
@inbook{susyprimer,
      author = {Stephen P. Martin},
      title = {A Supersymmetry Primer},
      booktitle = {Perspectives on Supersymmetry},
      chapter = {},
	  pages = {1-98},
      doi = {10.1142/9789812839657_0001},
      URL = {http://www.worldscientific.com/doi/abs/10.1142/9789812839657_0001},
      eprint = {http://www.worldscientific.com/doi/pdf/10.1142/9789812839657_0001},
      publisher = {World Scientific},
      year = 2011
}
